<?xml version="1.0" encoding="UTF-8"?><collection xmlns="http://www.loc.gov/MARC21/slim"><record><leader>00475nam--2200157-i-4500</leader><controlfield tag="001">000034291</controlfield><controlfield tag="002">20161230</controlfield><controlfield tag="005">20170102203324</controlfield><controlfield tag="008">060222s1000------------r-----000-0-eng-d</controlfield><datafield ind1=" " ind2=" " tag="080"><subfield code="a">681.3.06:039.75</subfield></datafield><datafield ind1=" " ind2=" " tag="100"><subfield code="a">Munteanu, Emil</subfield></datafield><datafield ind1=" " ind2=" " tag="245"><subfield code="a">Limbajul cobol. Manual pentru elevii liceelor pentru prelucrarea automata a datelor</subfield></datafield><datafield ind1=" " ind2=" " tag="260"><subfield code="a">Bucuresti</subfield><subfield code="b">Consiliul National Pentru Stiinta Si Tehnologie</subfield><subfield code="c">1972</subfield></datafield><datafield ind1=" " ind2=" " tag="300"><subfield code="a">197 p</subfield></datafield><datafield ind1=" " ind2=" " tag="852"><subfield code="a">38443</subfield></datafield><datafield ind1=" " ind2=" " tag="CAT"><subfield code="a">SYS</subfield><subfield code="c">20170102</subfield><subfield code="h">203324</subfield></datafield></record></collection>